% Encoding: UTF-8

% BibTex reference style, KEEP THIS CONSISTENT:
%        FIRST_AUTHOR_NAME:TWO_DIGIT_YEAR.
% If there is more than one publication that would have the same reference,
% add a meaningful keyword in the middle. See for instance Angiuli:cart:17
% and Angiuli:chtt3:17. Ensure that the author name is capitalized.
%
% An exception to this schema is a citation for a proof assistant such
% as RedPRL or Coq where the author list is frequently changing. In those
% cases the reference should just be the proof assistant name, all lower
% case.
@unpublished{Angiuli:cart:17,
  title =        {Cartesian Cubical Type Theory},
  author =       {Angiuli, Carlo and Brunerie, Guillaume and Coquand,
		  Thierry and Hou (Favonia), Kuen-Bang and Harper,
		  Robert and Licata, Daniel R},
  year =         2017,
  note =         {\url{http://www.cs.cmu.edu/~rwh/papers/uniform/uniform.pdf}}
}

@unpublished{Angiuli:chtt1:16,
  author =       {Angiuli, Carlo and Harper, Robert},
  title =        {Computational Higher Type Theory {I}: Abstract
		  Cubical Realizability},
  year =         2016,
  note =         {\url{https://arxiv.org/abs/1604.08873v2}}
}

@unpublished{Angiuli:chtt2:16,
  author =       {Angiuli, Carlo and Harper, Robert},
  title =        {Computational Higher Type Theory {II}: Dependent
		  Cubical Realizability},
  year =         2016,
  note =         {\url{https://arxiv.org/abs/1606.09638v2}}
}

@unpublished{Angiuli:chtt3:17,
  author =       {Angiuli, Carlo and Kuen-Bang {Hou (Favonia)} and
		  Harper, Robert},
  title =        {Computational Higher Type theory {III}: Univalent
		  Universes and Exact Equality},
  year =         2017,
  note =         {\url{https://arxiv.org/abs/1712.01800}}
}

@inproceedings{Angiuli:chtt:17,
  author =       {Angiuli, Carlo and Harper, Robert and Wilson, Todd},
  title =        {Computational Higher-dimensional Type Theory},
  series =       {POPL 2017},
  year =         2017,
}

@unpublished{Cavallo:18,
  author =       {Cavallo, Evan and Harper, Robert},
  title =        {Computational Higher Type Theory {IV}: Inductive
		  Types},
  year =         2018,
  note =         {\url{https://arxiv.org/abs/1801.01568}}
}

@unpublished{Cohen:16,
  author =       {Cohen, Cyril and Coquand, Thierry and Huber, Simon
		  and M{\"o}rtberg, Anders},
  title =        {Cubical Type Theory: a constructive interpretation
		  of the univalence axiom},
  year =         2016,
  note =         {\url{https://arxiv.org/abs/1611.02108}}
}

@book{Constable:86,
  author =       {Constable, Robert L. and Allen, Stuart F. and Bromley,
		  H. M. and Cleaveland, Walter Rance and Cremer, J. F. and
		  Harper, Robert W. and Howe, Doug J. and Knoblock,
		  Todd B. and Mendler, Nax P. and Panangaden, P. and
		  Sasaki, James T. and Smith, Scott F.},
  title =        {Implementing Mathematics with the Nuprl Proof
		  Development System},
  year =         1986,
}

@article {Godel:58,
  author    = {Gödel, Kurt},
  title     = {ÜBER EINE BISHER NOCH NICHT BENÜTZTE ERWEITERUNG DES FINITEN
		  STANDPUNKTES},
  journal   = {Dialectica},
  volume    = {12},
  number    = {3-4},
  publisher = {Blackwell Publishing Ltd},
  issn      = {1746-8361},
  url       = {http://dx.doi.org/10.1111/j.1746-8361.1958.tb01464.x},
  doi       = {10.1111/j.1746-8361.1958.tb01464.x},
  pages     = {280--287},
  year      = {1958},
  language  = {german},
}

@incollection{MartinLof:79,
  Author =       {Martin-L{\"o}f, Per},
  Booktitle =    {Logic, Methodology and Philosophy of Science VI,
		  Proceedings of the Sixth International Congress of
		  Logic, Methodology and Philosophy of Science,
		  Hannover 1979},
  Title =        {Constructive mathematics and computer programming},
  Year =         1982
}

@article{Tait:67,
  author =       "Tait, William W.",
  journal =      "Journal of Symbolic Logic",
  title =        {{Intensional Interpretations of Functionals of
		  Finite Type I}},
  year =         1967
}

@unpublished{redprl,
  title =        {{RedPRL} -- the {P}eople's {R}efinement {L}ogic},
  author =       {Sterling, Jonathan and Kuen-Bang {Hou (Favonia)} and
		  Cavallo, Evan and Angiuli, Carlo and Wilcox, James
		  and Akentyev, Eugene and Christiansen, David and
		  Gratzer, Daniel and Morrison, Darin},
  year =         2018,
  note =         {\url{http://www.redprl.org/}}
}

@Article{Statman:85,
  author    = {Richard Statman},
  title     = {Logical Relations and the Typed $\lambda$-Calculus},
  journal   = {Information and Control},
  year      = {1985},
}

@Book{Harper:16,
  title     = {Practical Foundations for Programming Languages},
  publisher = {Cambridge University Press},
  year      = {2016},
  author    = {Harper, Robert},
  edition   = {2nd},
}

@article{Milner,
  author    = {Robin Milner},
  title     = {A Theory of Type Polymorphism in Programming},
  journal   = {Journal of Computer and System Sciences},
  year      = 1978,
}

@inproceedings{Howe:91,
  author    = {Douglas J. Howe},
  title     = {On {C}omputational {O}pen-{E}ndedness in {M}artin-{L}{\"o}f's {T}ype {T}heory},
  series    = {LICS 91},
  year      = 1991,
}

@Comment{jabref-meta: databaseType:bibtex;}
