@Book{pfpl2,
  author = 	 {Robert Harper},
  title = 	 {Practical Foundations for Programming Languages},
  publisher = 	 {Cambridge University Press},
  year = 	 2016,
  address = 	 {Cambridge, England},
  edition = 	 {{S}econd}
}

@Book{glt89,
  author = 	 {Jean-Yves Girard and Yves Lafont and Paul Taylor},
  title = 	 {Proofs and Types},
  publisher = 	 {Cambridge University Press},
  year = 	 1989}
                  
@Article{avron91:scr,
  author = 	 {Arnon Avron},
  title = 	 {Simple Consequence Relations},
  journal = 	 {Information and Computation},
  year = 	 1991,
  volume = 	 92,
  number = 	 1,
  pages = 	 {105--139}}

@Article{tait,
  author = 	 {W. Tait},
  title = 	 {Intentional Interpretations of Functionals of Finite Type I},
  journal = 	 {Journal of Symbolic Logic},
  year = 	 1967,
  volume = 	 32,
  pages = 	 {198--212}}

@Book{davey-priestley,
  author = 	 {B.A. Davey and H.A. Priestley},
  title = 	 {Introduction to Lattices and Order},
  publisher = 	 {Cambridge University Press},
  year = 	 2002,
  edition = 	 {{S}econd}}

@PhdThesis{angiuli19,
  author = 	 {Carlo Angiuli},
  title = 	 {Computational Semantics of Cartesian Cubical Type Theory},
  school = 	 {Carnegie Mellon University},
  year = 	 2019,
  address = 	 {Pittsburgh, PA 15217},
  month = 	 {December}}

@InCollection{bekic84,
  author = 	 {Hans Beki\'{c}},
  title = 	 {Definable operations in general algebras, and the theory of automata and flowcharts},
  booktitle = 	 {Programming Languages and Their Definition: H. Beki\'{c} (1936-1982)},
  publisher = {Spring Verlag},
  year = 	 1984,
  editor = 	 {C. B. Jones},
  series = 	 {Lecture Notes in Computer Science},
  pages = 	 {30-55},
  address = 	 {Heidelberg}}

@ARTICLE{harper-etal:lf,
    author = {Robert Harper and Furio Honsell and Gordon Plotkin},
    title = {A framework for defining logics},
    journal = {Journal of the Association for Computing Machinery},
    year = {1993},
    volume = {40},
    pages = {194--204}
}

@article{nordstrom2000martin,
  title={Martin-L{\"o}f’s type theory},
  author={Nordstr{\"o}m, Bengt and Petersson, Kent and Smith, Jan M},
  journal={Handbook of logic in computer science},
  volume={5},
  pages={1--37},
  year={2000},
  publisher={Clarendon Press}
}

@book{smith1990programming,
  title={Programming in {Martin}-{L\"of}’s Type Theory. {An} Introduction},
  author={Smith, Jan and Nordstr{\"o}m, Bengt and Petersson, Kent},
  year=1990,
  publisher={Oxford University Press}
}

@article{ harper+:lf-jacm,
author	=	"Robert Harper and Furio Honsell and Gordon Plotkin" ,
title	=	"A Framework for Defining Logics" ,
journal	=	"Journal of the Association for Computing Machinery" ,
volume	=	"40" ,
number	=	"1" ,
month	=	"January" ,
year	=	"1993" ,
pages	=	"143--184"
}