% Encoding: UTF-8
@unpublished{Angiuli:cart:17,
  title =        {Cartesian Cubical Type Theory},
  author =       {Angiuli, Carlo and Brunerie, Guillaume and Coquand,
                  Thierry and Hou (Favonia), Kuen-Bang and Harper,
                  Robert and Licata, Daniel R},
  year =         2017,
  note =         {url{http://www.cs.cmu.edu/~rwh/papers/uniform/uniform.pdf}}
}

@unpublished{Angiuli:chtt1:16,
  author =       {Angiuli, Carlo and Harper, Robert},
  title =        {Computational Higher Type Theory {I}: Abstract
                  Cubical Realizability},
  year =         2016,
  note =         {\url{https://arxiv.org/abs/1604.08873v2}}
}

@unpublished{Angiuli:chtt2:16,
  author =       {Angiuli, Carlo and Harper, Robert},
  title =        {Computational Higher Type Theory {II}: Dependent
                  Cubical Realizability},
  year =         2016,
  note =         {\url{https://arxiv.org/abs/1606.09638v2}}
}

@unpublished{Angiuli:chtt3:17,
  author =       {Angiuli, Carlo and Kuen-Bang {Hou (Favonia)} and
                  Harper, Robert},
  title =        {Computational Higher Type theory {III}: Univalent
                  Universes and Exact Equality},
  year =         2017,
  note =         {\url{https://arxiv.org/abs/1712.01800}}
}

@inproceedings{Angiuli:chtt:17,
  author =       {Angiuli, Carlo and Harper, Robert and Wilson, Todd},
  title =        {Computational Higher-dimensional Type Theory},
  series =       {POPL 2017},
  year =         2017,
}

@unpublished{Cavallo:18,
  author =       {Cavallo, Evan and Harper, Robert},
  title =        {Computational Higher Type Theory {IV}: Inductive
                  Types},
  year =         2018,
  note =         {\url{https://arxiv.org/abs/1801.01568}}
}

@unpublished{Cohen:16,
  author =       {Cohen, Cyril and Coquand, Thierry and Huber, Simon
                  and M{\"o}rtberg, Anders},
  title =        {Cubical Type Theory: a constructive interpretation
                  of the univalence axiom},
  year =         2016,
  note =         {\url{https://arxiv.org/abs/1611.02108}}
}

@book{Constable:86,
  author =       {Constable, R. L. and Allen, S. F. and Bromley,
                  H. M. and Cleaveland, W. R. and Cremer, J. F. and
                  Harper, R. W. and Howe, D. J. and Knoblock,
                  T. B. and Mendler, N. P. and Panangaden, P. and
                  Sasaki, J. T. and Smith, S. F.},
  title =        {Implementing Mathematics with the Nuprl Proof
                  Development System},
  year =         1986,
}

@incollection{MartinLof:79,
  Author =       {Martin-L{\"o}f, Per},
  Booktitle =    {Logic, Methodology and Philosophy of Science VI,
                  Proceedings of the Sixth International Congress of
                  Logic, Methodology and Philosophy of Science,
                  Hannover 1979},
  Title =        {Constructive mathematics and computer programming},
  Year =         1982
}

@article{Tait:67,
  author =       "Tait, William W.",
  journal =      "Journal of Symbolic Logic",
  title =        {{Intensional Interpretations of Functionals of
                  Finite Type I}},
  year =         1967
}

@unpublished{redprl,
  title =        {{RedPRL} -- the {P}eople's {R}efinement {L}ogic},
  author =       {Sterling, Jonathan and Kuen-Bang {Hou (Favonia)} and
                  Cavallo, Evan and Angiuli, Carlo and Wilcox, James
                  and Akentyev, Eugene and Christiansen, David and
                  Gratzer, Daniel and Morrison, Darin},
  year =         2018,
  note =         {\url{http://www.redprl.org/}}
}

@Article{Statman:85,
  author    = {Richard Statman},
  title     = {Logical Relations and the Typed $\lambda$-Calculus},
  journal   = {Information and Control},
  year      = {1985},
  volume    = {65},
  number    = {2/3},
  pages     = {85--97},
  bibsource = {dblp computer science bibliography, http://dblp.org},
  biburl    = {http://dblp.org/rec/bib/journals/iandc/Statman85},
}

@Comment{jabref-meta: databaseType:bibtex;}
